%
%  Abbreviations 
%

@STRING( ICC = {Proc. IEEE Int. Conf. on Commun.} )
@STRING( GLOBECOM = {Proc. IEEE GLOBECOM} )
@STRING{ ISPLC = {IEEE Int. Symp. Power Line Comm.} }
@STRING{ SMART = {IEEE Trans. Smart Grid} }

@STRING( JAN = {Jan.} )
@STRING( FEB = {Feb.} )
@STRING( MAR = {Mar.} )
@STRING( APR = {Apr.} )
@STRING( MAY = {May} )
@STRING( JUN = {June} )
@STRING( JUL = {July} )
@STRING( AUG = {Aug.} )
@STRING( SEP = {Sep.} )
@STRING( OCT = {Oct.} )
@STRING( NOV = {Nov.} )
@STRING( DEC = {Dec.} )
